% Encoding: UTF-8
@article{FRITZ_2012,
	year = 2012,
	month = {5}, 
	publisher = {World Scientific Pub Co Pte Lt}, 
	author = {Tobias Fritz},  
	title = {Tsirelson's Problem And Kirchberg's Conjecture},
    journal = {Reviews in Mathematical Physics}
},
  
	journal = {Reviews in Mathematical Physics}
},

@misc{mipre,
  author = {Ji, Zhengfeng and Natarajan, Anand and Vidick, Thomas and Wright, John and Yuen, Henry}, 
  keywords = {Quantum Physics (quant-ph), Computational Complexity (cs.CC), Operator Algebras (math.OA), FOS: Physical sciences, FOS: Physical sciences, FOS: Computer and information sciences, FOS: Computer and information sciences, FOS: Mathematics, FOS: Mathematics},
  title = {MIP*=RE}, 
  publisher = {arXiv}, 
  mont= {9},
  year = {2020},
  copyright = {arXiv.org perpetual, non-exclusive license}
},

@misc{Theshape34:online,
author = {Henry Yuen},
title = {The shape of MIP* = RE | Quantum Frontiers},
month = {3},
year = {2020},
},

@misc{Chomskyh53:online,
author = {Wikipedia},
title = {Chomsky hierarchy},
month = {},
year = {},
},

@Book{NielsenChuang,
  author    = {Michael A. Nielsen, Isaac L. Chuang},
  publisher = {Cambridge},
  title     = {Quantum Computation and Quantum Information},
  year      = {2011},
  ean       = {9781107002173},
},


@Comment{jabref-meta: databaseType:bibtex;}
